<?xml version="1.0" encoding="UTF-8"?><record xmlns="http://www.loc.gov/MARC21/slim" xmlns:cinclude="http://apache.org/cocoon/include/1.0" xmlns:zs="http://www.loc.gov/zing/srw/">
  <leader>00381cz  a2200121n  4500</leader>
  <controlfield tag="001">n  96084443 </controlfield>
  <controlfield tag="003">DLC</controlfield>
  <controlfield tag="005">19960830131202.4</controlfield>
  <controlfield tag="008">960830n| acannaab|          |n aaa |||  </controlfield>
  <datafield tag="010" ind1=" " ind2=" ">
    <subfield code="a">n  96084443 </subfield>
  </datafield>
  <datafield tag="040" ind1=" " ind2=" ">
    <subfield code="a">DLC</subfield>
    <subfield code="c">DLC</subfield>
    <subfield code="d">DLC</subfield>
  </datafield>
  <datafield tag="100" ind1="1" ind2="0">
    <subfield code="a">Teske, Nathan,</subfield>
    <subfield code="d">1965-</subfield>
  </datafield>
  <datafield tag="670" ind1=" " ind2=" ">
    <subfield code="a">Political activists in America, 1997:</subfield>
    <subfield code="b">CIP t.p. (Nathan Teske; U. of Miami) data sht. (Nathan Mark Teske; b. 01-01-65)</subfield>
  </datafield>
</record>